@article{DBLP:journals/corr/abs-2107-12207,
  author     = {Martin Marek},
  title      = {Image-Based Parking Space Occupancy Classification: Dataset and Baseline},
  journal    = {CoRR},
  volume     = {abs/2107.12207},
  year       = {2021},
  url        = {https://arxiv.org/abs/2107.12207},
  eprinttype = {arXiv},
  eprint     = {2107.12207},
  timestamp  = {Thu, 29 Jul 2021 16:14:15 +0200},
  biburl     = {https://dblp.org/rec/journals/corr/abs-2107-12207.bib},
  bibsource  = {dblp computer science bibliography, https://dblp.org}
}

@misc{redmon2016look,
  title         = {You Only Look Once: Unified, Real-Time Object Detection},
  author        = {Joseph Redmon and Santosh Divvala and Ross Girshick and Ali Farhadi},
  year          = {2016},
  eprint        = {1506.02640},
  archiveprefix = {arXiv},
  primaryclass  = {cs.CV}
}